@online{treccani,
  author    = {Silvio Pons},
  title     = {LA QUESTIONE POLITICA DELLA RUSSIA CONTEMPORANEA},
  year      = {2022},
  url       = {https://www.treccani.it/enciclopedia/la-questione-politica-della-russia-contemporanea_\%28XXI-Secolo\%29/}
}

@online{wikipediaRussia1,
  author    = {Wikipedia},
  title     = {Libert√† dei media in Russia},
  year      = {2022},
  url       = {https://it.wikipedia.org/wiki/Libert\%C3\%A0_dei_media_in_Russia}
}